<record><leader>00000cas a22000007a 4500</leader><controlfield tag="001">14120666</controlfield><controlfield tag="008">860821d18851886vauwr ne      0    0eng  </controlfield><controlfield tag="009">466</controlfield><datafield ind1=" " ind2=" " tag="010"><subfield code="a">sn 86071853 </subfield></datafield><datafield ind1=" " ind2=" " tag="040"><subfield code="a">DLC</subfield><subfield code="b">eng</subfield><subfield code="c">DLC</subfield><subfield code="d">NVK</subfield><subfield code="d">OCLCO</subfield><subfield code="d">OCLCF</subfield></datafield><datafield ind1="1" ind2=" " tag="029"><subfield code="a">AU@</subfield><subfield code="b">000020037344</subfield></datafield><datafield ind1=" " ind2=" " tag="042"><subfield code="a">msc</subfield></datafield><datafield ind1="0" ind2="0" tag="050"><subfield code="a">Newspaper 10119</subfield></datafield><datafield ind1="0" ind2="4" tag="245"><subfield code="a">The Sunday state.</subfield></datafield><datafield ind1="1" ind2="3" tag="246"><subfield code="a">State</subfield></datafield><datafield ind1=" " ind2=" " tag="260"><subfield code="a">Richmond, Va. :</subfield><subfield code="b">Richard F. Beirne,</subfield><subfield code="c">1885-1886.</subfield></datafield><datafield ind1=" " ind2=" " tag="300"><subfield code="a">1 v. :</subfield><subfield code="b">ill. (chiefly advertisements) ;</subfield><subfield code="c">60 cm.</subfield></datafield><datafield ind1=" " ind2=" " tag="310"><subfield code="a">Weekly</subfield></datafield><datafield ind1="0" ind2=" " tag="362"><subfield code="a">Vol. 1, no. 1 (Nov. 22, 1885)-v. 1, no. 24 (May 2, 1886).</subfield></datafield><datafield ind1=" " ind2=" " tag="500"><subfield code="a">Published every Sunday morning.</subfield></datafield><datafield ind1=" " ind2="0" tag="651"><subfield code="a">Richmond (Va.)</subfield><subfield code="v">Newspapers.</subfield></datafield><datafield ind1=" " ind2="7" tag="655"><subfield code="a">Newspapers.</subfield><subfield code="2">fast</subfield><subfield code="0">(OCoLC)fst01423814</subfield></datafield><datafield ind1=" " ind2="7" tag="651"><subfield code="a">Virginia</subfield><subfield code="z">Richmond.</subfield><subfield code="2">fast</subfield><subfield code="0">(OCoLC)fst01205345</subfield></datafield><datafield ind1=" " ind2=" " tag="752"><subfield code="a">United States</subfield><subfield code="b">Virginia</subfield><subfield code="d">Richmond.</subfield></datafield><datafield ind1="0" ind2=" " tag="775"><subfield code="t">State (Richmond, Va. : 1876 : Daily)</subfield><subfield code="w">(DLC)sn 84024696</subfield></datafield><datafield ind1="0" ind2=" " tag="775"><subfield code="t">State (Richmond, Va. : 1876 : Weekly)</subfield><subfield code="w">(DLC)sn 84024688</subfield></datafield><datafield ind1="0" ind2=" " tag="775"><subfield code="t">Weekly state (Richmond, Va.)</subfield><subfield code="w">(DLC)sn 96094028</subfield></datafield><datafield ind1="0" ind2=" " tag="775"><subfield code="t">State (Richmond, Va. : 1880 : Semiweekly)</subfield><subfield code="w">(DLC)sn 96094950</subfield></datafield></record>